 @misc{ wppiet,
   author = "Wikipedia",
   title = "Piet --- Wikipedia",
   year = "2013",
   url = "https://ja.wikipedia.org/w/index.php?title=Piet&oldid=46762504",
   note = "[Online; accessed 12-August-2015]"
 }
